<record><leader>00000cas a22000007a 4500</leader><controlfield tag="001">17368436</controlfield><controlfield tag="008">880121d197419uupauuu ne      0    0eng d</controlfield><datafield ind1=" " ind2=" " tag="010"><subfield code="a">sn 88079028 </subfield></datafield><datafield ind1=" " ind2=" " tag="040"><subfield code="a">NPH</subfield><subfield code="b">eng</subfield><subfield code="c">NPH</subfield><subfield code="d">OCLCQ</subfield></datafield><datafield ind1=" " ind2=" " tag="042"><subfield code="a">msc</subfield></datafield><datafield ind1="0" ind2="0" tag="245"><subfield code="a">Pocono world.</subfield></datafield><datafield ind1=" " ind2=" " tag="260"><subfield code="a">Mount Pocono, Pa. :</subfield><subfield code="b">Tom Ford</subfield></datafield><datafield ind1=" " ind2=" " tag="300"><subfield code="a">v. :</subfield><subfield code="b">ill. ;</subfield><subfield code="c">41 cm.</subfield></datafield><datafield ind1="1" ind2=" " tag="362"><subfield code="a">Began in 1974?</subfield></datafield><datafield ind1=" " ind2=" " tag="500"><subfield code="a">"Serving the Pocono vacation community exclusively."</subfield></datafield><datafield ind1=" " ind2=" " tag="588"><subfield code="a">Description based on: 1st yr., 2nd issue (Dec. 5, 1974).</subfield></datafield><datafield ind1=" " ind2=" " tag="752"><subfield code="a">United States</subfield><subfield code="b">Pennsylvania</subfield><subfield code="c">Monroe</subfield><subfield code="d">Mount Pocono.</subfield></datafield></record>